@article{SuperSmartGuy,
abstract = {},
author = {A super smart guy},
journal = {IEEE Communications Magazine},
number = {11},
pages = {94--100},
title = {Incredibly useful suggestions for thesis work},
volume = {52},
year = {2018}
}
